<?xml version="1.0" encoding="UTF-8"?><collection xmlns="http://www.loc.gov/MARC21/slim"><record><leader>00460nam--2200133-i-4500</leader><controlfield tag="001">000004435</controlfield><controlfield tag="002">20161230</controlfield><controlfield tag="005">20161230201025</controlfield><controlfield tag="008">060222s1000------------r-----000-0-eng-d</controlfield><datafield ind1=" " ind2=" " tag="100"><subfield code="a">Broike, C., Picciotto, E., Poulaert, G</subfield></datafield><datafield ind1=" " ind2=" " tag="245"><subfield code="a">Mesure directe de l uranium et du thorium par spectrometrie gamma</subfield></datafield><datafield ind1=" " ind2=" " tag="260"><subfield code="a">Bruxelles, Imprimerie Hayez, 1959</subfield></datafield><datafield ind1=" " ind2=" " tag="490"><subfield code="a">Extrait Du  Bulletin De La Societe Belge De Ge Ologie, De Paleontologie Et D Hydologie</subfield></datafield><datafield ind1=" " ind2=" " tag="852"><subfield code="a">5703</subfield></datafield></record></collection>